<record><leader>00000cas a2200000 a 4500</leader><controlfield tag="001">9287408</controlfield><controlfield tag="007">hd afu---baca</controlfield><controlfield tag="007">hd bfu---baaa</controlfield><controlfield tag="007">hd bfu---baba</controlfield><controlfield tag="008">830307d190919uutxuwr nea     0    0spa c</controlfield><datafield ind1=" " ind2=" " tag="010"><subfield code="a">  2003240161</subfield></datafield><datafield ind1=" " ind2=" " tag="040"><subfield code="a">IXA</subfield><subfield code="b">eng</subfield><subfield code="c">IXA</subfield><subfield code="d">CRL</subfield><subfield code="d">OCLCQ</subfield><subfield code="d">OCLCF</subfield><subfield code="d">OCLCO</subfield><subfield code="d">OCL</subfield><subfield code="d">OCLCO</subfield></datafield><datafield ind1="1" ind2=" " tag="029"><subfield code="a">AU@</subfield><subfield code="b">000024404865</subfield></datafield><datafield ind1=" " ind2=" " tag="042"><subfield code="a">pcc</subfield></datafield><datafield ind1=" " ind2=" " tag="043"><subfield code="a">n-mx---</subfield></datafield><datafield ind1="0" ind2=" " tag="130"><subfield code="a">Actualidades (Mexico City, Mexico)</subfield></datafield><datafield ind1="1" ind2="0" tag="245"><subfield code="a">Actualidades</subfield><subfield code="h">[microform] :</subfield><subfield code="b">semanario de informacio&#769;n, variedades, etc.</subfield></datafield><datafield ind1=" " ind2=" " tag="260"><subfield code="a">Me&#769;xico :</subfield><subfield code="b">Alfonso E. Bravo y Luis Lara y Pardo</subfield></datafield><datafield ind1=" " ind2=" " tag="300"><subfield code="a">v. :</subfield><subfield code="b">ill.</subfield></datafield><datafield ind1=" " ind2=" " tag="310"><subfield code="a">Weekly</subfield></datafield><datafield ind1="1" ind2=" " tag="362"><subfield code="a">Began in 1909.</subfield></datafield><datafield ind1=" " ind2=" " tag="588"><subfield code="a">Description based on: T. 1, nu&#769;m. 13 (26 de marzo de 1909).</subfield></datafield><datafield ind1=" " ind2=" " tag="588"><subfield code="a">Latest issue consulted: T. 1, nu&#769;m. 22 (28 de mayo de 1909).</subfield></datafield><datafield ind1=" " ind2=" " tag="533"><subfield code="a">Microfilm.</subfield><subfield code="m">t.1:no. 13-22 (Mar. 26-May 28,1909):[Gaps]</subfield><subfield code="b">Austin, TX :</subfield><subfield code="c">Nettie Lee Benson Latin American Collection,</subfield><subfield code="d">1982.</subfield><subfield code="e">1 microfilm reel ; 35 mm.</subfield><subfield code="n">Film 16452.</subfield></datafield><datafield ind1=" " ind2="0" tag="651"><subfield code="a">Mexico</subfield><subfield code="v">Newspapers.</subfield></datafield><datafield ind1=" " ind2="0" tag="651"><subfield code="a">Mexico City (Mexico)</subfield><subfield code="v">Newspapers.</subfield></datafield><datafield ind1=" " ind2="0" tag="651"><subfield code="a">Mexico</subfield><subfield code="x">Politics and government</subfield><subfield code="y">1867-1910</subfield><subfield code="v">Newspapers.</subfield></datafield><datafield ind1=" " ind2="7" tag="650"><subfield code="a">Politics and government</subfield><subfield code="2">fast</subfield><subfield code="0">(OCoLC)fst01919741</subfield></datafield><datafield ind1=" " ind2="7" tag="651"><subfield code="a">Mexico.</subfield><subfield code="2">fast</subfield><subfield code="0">(OCoLC)fst01211700</subfield></datafield><datafield ind1=" " ind2="7" tag="651"><subfield code="a">Mexico</subfield><subfield code="z">Mexico City.</subfield><subfield code="2">fast</subfield><subfield code="0">(OCoLC)fst01206137</subfield></datafield><datafield ind1=" " ind2="7" tag="648"><subfield code="a">1867 - 1910</subfield><subfield code="2">fast</subfield></datafield><datafield ind1=" " ind2="7" tag="655"><subfield code="a">Newspapers.</subfield><subfield code="2">fast</subfield><subfield code="0">(OCoLC)fst01423814</subfield></datafield><datafield ind1=" " ind2=" " tag="752"><subfield code="a">Mexico</subfield><subfield code="d">Mexico City.</subfield></datafield><datafield ind1="1" ind2=" " tag="776"><subfield code="c">Original</subfield><subfield code="w">(DLC)sn 97036394</subfield><subfield code="w">(OCoLC)9287372</subfield></datafield></record>